

@book{faludi2010building,
  title={Building Wireless Sensor Networks: with ZigBee, XBee, Arduino, and Processing},
  author={Faludi, R.},
  isbn={9781449302740},
  url={https://books.google.com.br/books?id=xMC69vQJLZIC},
  year={2010},
  publisher={O'Reilly Media}
}

@book{mcroberts2013beginning,
  title={Beginning Arduino},
  author={McRoberts, M.},
  isbn={9781430250166},
  series={SpringerLink : B{\"u}cher},
  url={https://books.google.com.br/books?id=QTbyAAAAQBAJ},
  year={2013},
  publisher={Apress}
}



@ONLINE {nicbr,
    author = "NIC.br.",
    title  = "A Internet das coisas, explicada pelo NIC.br",
    month  = "sep",
    year   = "2015",
    url    = "http://www.nic.br/videos/ver/a-internet-das-coisas-explicada-pelo-nic-br/"
}

@ONLINE {pimatic,
    author = "Pimatic",
    title  = "Controlador Pimatic",
    month  = "nov",
    year   = "2015",
    url    = "http://pimatic.org/"
}


@article{kortuem2013educating,
  title={Educating the Internet-of-Things Generation},
  author={Kortuem, Gerd and Bandara, Arosha K and Smith, Neil and Richards, Mike and Petre, Marian},
  journal={Computer},
  volume={46},
  number={2},
  pages={53--61},
  year={2013},
  publisher={IEEE}
}

@inproceedings{chin2013educational,
  title={Educational living labs: a novel internet-of-things based approach to teaching and research},
  author={Chin, Jeannette and Callaghan, Vic},
  booktitle={Intelligent Environments (IE), 2013 9th International Conference on},
  pages={92--99},
  year={2013},
  organization={IEEE}
}

@article{hodges2013prototyping,
  title={Prototyping connected devices for the internet of things},
  author={Hodges, Steve and Taylor, Stuart and Villar, Nicolas and Scott, James and Bial, Dominik and Fischer, Patrick Tobias},
  journal={Computer},
  volume={46},
  number={2},
  pages={26--34},
  year={2013},
  publisher={IEEE}
}

@article{gubbi2013internet,
  title={Internet of Things (IoT): A vision, architectural elements, and future directions},
  author={Gubbi, Jayavardhana and Buyya, Rajkumar and Marusic, Slaven and Palaniswami, Marimuthu},
  journal={Future Generation Computer Systems},
  volume={29},
  number={7},
  pages={1645--1660},
  year={2013},
  publisher={Elsevier}
}

@incollection{schaffers,
year={2011},
isbn={978-3-642-20897-3},
booktitle={The Future Internet},
volume={6656},
series={Lecture Notes in Computer Science},
editor={Domingue, John and Galis, Alex and Gavras, Anastasius and Zahariadis, Theodore and Lambert, Dave and Cleary, Frances and Daras, Petros and Krco, Srdjan and Müller, Henning and Li, Man-Sze and Schaffers, Hans and Lotz, Volkmar and Alvarez, Federico and Stiller, Burkhard and Karnouskos, Stamatis and Avessta, Susanna and Nilsson, Michael},
doi={10.1007/978-3-642-20898-0_31},
title={Smart Cities and the Future Internet: Towards Cooperation Frameworks for Open Innovation},
url={http://dx.doi.org/10.1007/978-3-642-20898-0_31},
publisher={Springer Berlin Heidelberg},
keywords={Smart Cities; Future Internet; Collaboration; Innovation Ecosystems; User Co-Creation; Living Labs; Resource Sharing},
author={Schaffers, Hans and Komninos, Nicos and Pallot, Marc and Trousse, Brigitte and Nilsson, Michael and Oliveira, Alvaro},
pages={431-446},
language={English}
}

@article{atzori2010internet,
  title={The internet of things: A survey},
  author={Atzori, Luigi and Iera, Antonio and Morabito, Giacomo},
  journal={Computer networks},
  volume={54},
  number={15},
  pages={2787--2805},
  year={2010},
  publisher={Elsevier}
}

@ARTICLE {daveevans2011,
    author  = "Dave Evans",
    title   = "A Internet das Coisas Como a próxima evolução da Internet está mudando tudo",
    journal = "Cisco IBSG © 2011 Cisco e/ou suas afiliadas. Todos os direitos reservados.",
    year    = "2011"
}

@inproceedings{deHaan:2014:CVE:2637248.2637273,
 author = {de Haan, Geert},
 title = {Co-designing a Vision for Educating Human-Centered Creative Technology},
 booktitle = {Proceedings of the 2014 European Conference on Cognitive Ergonomics},
 series = {ECCE '14},
 year = {2014},
 isbn = {978-1-4503-2874-6},
 location = {Vienna, Austria},
 pages = {9:1--9:4},
 articleno = {9},
 numpages = {4},
 url = {http://doi.acm.org/10.1145/2637248.2637273},
 doi = {10.1145/2637248.2637273},
 acmid = {2637273},
 publisher = {ACM},
 address = {New York, NY, USA},
 keywords = {Envisioning the future, HCI, curriculum development, education, media technology, world caf{\'e}},
}

@inproceedings{DeHaan:2013:VFM:2541917.2541923,
 author = {De Haan, Geert},
 title = {A Vision of the Future of Media Technology Design Education - Design and Education from HCI to UbiComp},
 booktitle = {Proceedings of the 3rd Computer Science Education Research Conference on Computer Science Education Research},
 series = {CSERC '13},
 year = {2013},
 location = {Arnhem, Netherlands},
 pages = {6:67--6:72},
 articleno = {6},
 numpages = {6},
 url = {http://dl.acm.org/citation.cfm?id=2541917.2541923},
 acmid = {2541923},
 publisher = {Open Universiteit, Heerlen},
 address = {Open Univ., Heerlen, The Netherlands, The Netherlands},
 keywords = {curriculum design, design approach, human-computer interaction, media technology, teaching method, ubiquitous computing},
} 


@inproceedings{Maenpaa:2015:BPP:2676723.2677262,
 author = {M\"{a}enp\"{a}\"{a}, Hanna and Tarkoma, Sasu and Varjonen, Samu and Vihavainen, Arto},
 title = {Blending Problem- and Project-Based Learning in Internet of Things Education: Case Greenhouse Maintenance},
 booktitle = {Proceedings of the 46th ACM Technical Symposium on Computer Science Education},
 series = {SIGCSE '15},
 year = {2015},
 isbn = {978-1-4503-2966-8},
 location = {Kansas City, Missouri, USA},
 pages = {398--403},
 numpages = {6},
 url = {http://doi.acm.org/10.1145/2676723.2677262},
 doi = {10.1145/2676723.2677262},
 acmid = {2677262},
 publisher = {ACM},
 address = {New York, NY, USA},
 keywords = {greenhouse, internet of things, problem-based learning, project-based learning},
} 

@inproceedings{Putjorn:2015:LIW:2753488.2753489,
 author = {Putjorn, Pruet and Ang, CheeAng Siang and Farzin, DeraviFarzin},
 title = {Learning IoT Without the "I"- Educational Internet of Things in a Developing Context},
 booktitle = {Proceedings of the 2015 Workshop on Do-it-yourself Networking: An Interdisciplinary Approach},
 series = {DIYNetworking '15},
 year = {2015},
 isbn = {978-1-4503-3503-4},
 location = {Florence, Italy},
 pages = {11--13},
 numpages = {3},
 url = {http://doi.acm.org/10.1145/2753488.2753489},
 doi = {10.1145/2753488.2753489},
 acmid = {2753489},
 publisher = {ACM},
 address = {New York, NY, USA},
 keywords = {ict4d, internet of things, local wireless networks, mobile learning, tablet computer, ubiquitous computing},
} 
